@misc{ wiki:marimba,
  author = "Wikipédia",
  title = "Marimba --- Wikipédia{,} a enciclopédia livre",
  year = "2023",
  url = "\url{https://pt.wikipedia.org/w/index.php?title=Marimba&oldid=65673551}",
  note = "[Online; acessado em 22-10-2024]"
}

@article{closed_open_pipe,
  author = {Polychronopoulos, Spyros and Marini, Dimitra and Bakogiannis, Konstantinos and Kouroupetroglou, Georgios and Psaroudakes, Stelios and Georgaki, Anastasia},
  year = {2021},
  month = {07},
  pages = {1-1},
  title = {Physical Modeling of the Ancient Greek Wind Musical Instrument Aulos: A Double-Reed Exciter Linked to an Acoustic Resonator},
  volume = {PP},
  journal = {IEEE Access},
  doi = {10.1109/ACCESS.2021.3095720}
}

@misc{lafavre_tuning_marimba,
  author = {Jeff La Favre},
  title = {Tuning the Marimba Bar and Resonator},
  year = {2023},
  url = {https://www.lafavre.us/tuning-marimba.htm},
  note = {[Online; acessado em 22-10-2024]}
}